<?xml version="1.0" encoding="UTF-8"?>
<record xmlns="http://www.loc.gov/MARC21/slim" xmlns:xsi="http://www.w3.org/2001/XMLSchema-instance" xsi:schemaLocation="http://www.loc.gov/MARC21/slim http://www.loc.gov/standards/marcxml/schema/MARC21slim.xsd">
<leader>     nam a2200349 a 4500</leader>
<controlfield tag="001">001976555</controlfield>
<controlfield tag="003">NNU</controlfield>
<controlfield tag="005">19940713181853.0</controlfield>
<controlfield tag="008">911115s1953    ua            001 0 ara d</controlfield>
<datafield tag="035" ind1="9" ind2=" ">
<subfield code="a">NYUb10923620</subfield>
</datafield>
<datafield tag="035" ind1=" " ind2=" ">
<subfield code="a">(CStRLIN)NYUG91-B65425</subfield>
</datafield>
<datafield tag="035" ind1=" " ind2=" ">
<subfield code="a">GLIS009236201</subfield>
</datafield>
<datafield tag="041" ind1="0" ind2=" ">
<subfield code="a">arafre</subfield>
</datafield>
<datafield tag="090" ind1=" " ind2=" ">
<subfield code="i">11/15/91 CT</subfield>
</datafield>
<datafield tag="100" ind1="1" ind2=" ">
<subfield code="a">Farkāwī, Maḥmūd ibn Ḥasan.</subfield>
</datafield>
<datafield tag="245" ind1="1" ind2="0">
<subfield code="a">Sharḥ Manāzil al-sāʼirīn /</subfield>
<subfield code="c">li-Maḥmūd ibn Ḥasan ibn Muḥammad al-Farkāwī al-Qādirī ; ḥaqqaqahu wa-qaddama la-hu S. dī Lawjīyah dī Būrakī.</subfield>
</datafield>
<datafield tag="260" ind1=" " ind2=" ">
<subfield code="a">al-Qāhirah :</subfield>
<subfield code="b">al-Maʻhad al-ʻIlmī al-Faransī lil-Āthār al-Sharqīyah,</subfield>
<subfield code="c">1953.</subfield>
</datafield>
<datafield tag="300" ind1=" " ind2=" ">
<subfield code="a">7, 153, 34 p. ;</subfield>
<subfield code="c">25 cm.</subfield>
</datafield>
<datafield tag="490" ind1="1" ind2=" ">
<subfield code="a">Anṣārīyāt.</subfield>
<subfield code="a">al-Silsilah 1 ;</subfield>
<subfield code="v">al-kitāb 1</subfield>
</datafield>
<datafield tag="490" ind1="1" ind2=" ">
<subfield code="a">Nuṣūṣ wa-tarjamāt ;</subfield>
<subfield code="v">al-mujallad 17</subfield>
</datafield>
<datafield tag="500" ind1=" " ind2=" ">
<subfield code="a">Title on added t.p.: Commentaire du Livre des étapes.</subfield>
</datafield>
<datafield tag="500" ind1=" " ind2=" ">
<subfield code="a">Intro. in Arabic and French.</subfield>
</datafield>
<datafield tag="500" ind1=" " ind2=" ">
<subfield code="a">Includes indexes.</subfield>
</datafield>
<datafield tag="600" ind1="1" ind2="0">
<subfield code="a">Anṣārī al-Harawī, ʻAbd Allāh ibn Muḥammad,</subfield>
<subfield code="d">1006-1089.</subfield>
<subfield code="t">Manāzil al-sāʼirīn.</subfield>
</datafield>
<datafield tag="650" ind1=" " ind2="0">
<subfield code="a">Mysticism</subfield>
<subfield code="x">Islam</subfield>
<subfield code="v">Early works to 1800.</subfield>
</datafield>
<datafield tag="650" ind1=" " ind2="0">
<subfield code="a">Sufism</subfield>
<subfield code="v">Early works to 1800.</subfield>
</datafield>
<datafield tag="700" ind1="1" ind2=" ">
<subfield code="a">Beaurecueil, Serge de,</subfield>
<subfield code="d">1917-</subfield>
</datafield>
<datafield tag="740" ind1="0" ind2=" ">
<subfield code="a">Commentaire du Livre des étapes.</subfield>
</datafield>
<datafield tag="800" ind1="1" ind2=" ">
<subfield code="a">Anṣārī al-Harawī, ʻAbd Allāh ibn Muḥammad,</subfield>
<subfield code="d">1006-1089.</subfield>
<subfield code="t">Anṣārīyāt.</subfield>
<subfield code="n">al-Silsilah 1 ;</subfield>
<subfield code="v">al-kitāb 1.</subfield>
</datafield>
<datafield tag="830" ind1=" " ind2="0">
<subfield code="a">Textes et traductions d'auteurs orientales ;</subfield>
<subfield code="v">v. 17.</subfield>
</datafield>
<datafield tag="OWN" ind1=" " ind2=" ">
<subfield code="a">GENERAL</subfield>
</datafield>
<datafield tag="950" ind1=" " ind2=" ">
<subfield code="l">BMAIN</subfield>
<subfield code="a">BP189</subfield>
<subfield code="b">.A663 1953</subfield>
<subfield code="i">11/15/91 C</subfield>
</datafield>
<datafield tag="955" ind1=" " ind2=" ">
<subfield code="l">BMAIN</subfield>
<subfield code="c">1</subfield>
<subfield code="r">015651774</subfield>
<subfield code="i">11/15/91 C</subfield>
</datafield>
<datafield tag="998" ind1=" " ind2=" ">
<subfield code="a">11/15/91</subfield>
<subfield code="t">c</subfield>
<subfield code="s">9114</subfield>
<subfield code="n">NNU</subfield>
<subfield code="d">11/15/91</subfield>
<subfield code="c">MG</subfield>
<subfield code="b">MG</subfield>
<subfield code="i">911115</subfield>
<subfield code="l">NYUG</subfield>
</datafield>
<datafield tag="AVA" ind1=" " ind2=" ">
<subfield code="a">NYU50</subfield>
<subfield code="b">BOBST</subfield>
<subfield code="c">Main Collection</subfield>
<subfield code="d">BP189 .A663 1953</subfield>
<subfield code="e">unavailable</subfield>
<subfield code="t">Unavailable</subfield>
<subfield code="f">1</subfield>
<subfield code="g">1</subfield>
<subfield code="h">N</subfield>
<subfield code="i">0</subfield>
<subfield code="j">MAIN</subfield>
<subfield code="k">0</subfield>
</datafield>
</record>
